@article{001,
    title            = {伪卫星技术发展和应用综述},
    author           = {岳晓奎;袁建平;吴琼},
    authoraddress    = {西北工业大学航天学院,西北工业大学航天学院,西北工业大学航天学院陕西西安710072},
    journal          = {全球定位系统},
    year             = {2005},
    number           = {02},
    pages            = {47-51},
    keywords         = {卫星导航;gps;伪卫星},
    abstract         = {全球导航卫星系统已经引起了测量、测地、导航和其他与定位相关的学科的革命,但是卫星导航定位系统有两个内在的弱点},
    isbn/issn        = {1008-9268},
    notes            = {41-1317/tn},
    doi              = {10.13442/j.gnss.2005.02.012},
    databaseprovider = {cnki}
}
@article{002,
    author           = {蒋俊平;彭正泉},
    authoraddress    = {江西省地质矿产勘查开发局赣南地质调查大队},
    journal          = {北京测绘},
    title            = {基于伪卫星技术的导航定位与应用},
    pages            = {368-372},
    volume           = {32},
    number           = {03},
    year             = {2018},
    isbn/issn        = {1007-3000},
    notes            = {11-3537/p},
    databaseprovider = {cnki}
}
@article{01,
    title            = {北斗伪卫星在隧道内应用性能提升研究},
    author           = {徐沛宁;曹晓春;张静;李振海;李奇;张蓓},
    authoraddress    = {浙江公路水运工程咨询有限责任公司;中国航天时代电子有限公司},
    journal          = {公路},
    year             = {2023},
    number           = {01},
    pages            = {284-289},
    keywords         = {北斗伪卫星;隧道施工测量;重点车辆监管;精度提升;差分定位;基线解算},
    abstract         = {公路隧道内精准定位导航应用是交通领域应用研究的热点和难点问题,目前北斗伪卫星系统作为一种新兴的技术手段,可有效解决隧道内外无缝导航定位,然而用户层面的应用技术却鲜有报道。在此背景下探讨了北斗伪卫星在公路隧道内的应用技术,重点侧重于用户终端的使用效能提升,尤其是精度提升问题。根据隧道内不同场景的定位需求,按不同定位精度要求归纳为4类应用场景,针对其中3类高精度应用场景,提出了经济、可行的解决方案,通过依托工程试验验证,结果表明},
    isbn/issn        = {0451-0712},
    notes            = {11-1668/u},
    databaseprovider = {cnki}
}
@article{03,
    title            = {临近空间伪卫星几何布局方案设计},
    author           = {杨一;高社生;阎海峰},
    authoraddress    = {西北工业大学自动化学院},
    journal          = {系统工程与电子技术},
    year             = {2014},
    volume           = {36},
    number           = {03},
    pages            = {532-538},
    keywords         = {伪卫星定位;布局方案;几何精度因子;临近空间},
    abstract         = {临近空间伪卫星的定位精度与其几何布局有密切关系。为了提高伪卫星的定位精度,在研究现有伪卫星几何布局方案的基础上,提出了一组新的伪卫星布局方案。首先,在研究卫星数目与几何精度因子(geometricsdilutionofprecision,gdop)关系的基础上,确定了6颗伪卫星独立组网定位的设计方案;然后,分析了伪卫星的高度角和方位角对gdop的影响,设计了基于临近空间飞艇的6颗伪卫星布局新方案。最后,将提出的伪卫星布局新方案与现有的布局方案进行仿真验证和比较。结果表明,提出的新方案不但增加了用户的定位区域范围,而且在定位区域内减小了gdop,提高了定位精度。},
    isbn/issn        = {1001-506x},
    notes            = {11-2422/tn},
    url              = {https},
    databaseprovider = {cnki}
}
@article{04,
    title            = {一种基于北斗的伪卫星设计方案},
    author           = {黄进波},
    authoraddress    = {广州海格通信集团股份有限公司},
    journal          = {无线互联科技},
    year             = {2017},
    number           = {14},
    pages            = {3-4},
    keywords         = {伪卫星;增强信号;时间同步;远近效应},
    abstract         = {文章针对导航卫星数目不足的环境下北斗导航定位设备的可用性问题,提出通过建立伪卫星调整星座构成来解决问题的一种思路,对伪卫星系统定位原理,及其主要问题和解决方案进行讨论和分析。},
    isbn/issn        = {1672-6944},
    notes            = {32-1675/tn},
    databaseprovider = {cnki}
}
@mastersthesis{05,
    title            = {基于北斗导航定位系统的伪卫星技术研究},
    author           = {马瑞峰},
    tertiaryauthor   = {郭陈江},
    school           = {西北工业大学},
    typeofwork       = {硕士},
    year             = {2005},
    keywords         = {定位;伪距;伪卫星;几何精度因子;误差},
    abstract         = {在对比了GPS、GLONASS及北斗卫星导航定位系统的基础上,利用导航定位中所需使用的测地及坐标基准,从GPS的定位原理入手,对定位位置的计算进行了数学推导和分析。介绍了导航定位系统的时间基准及实现时间统一的卫星授时技术和定时技术。},
    databaseprovider = {cnki}
}
@article{06,
    title            = {利用伪卫星技术提高GPS定位质量的方法},
    author           = {王爱朝},
    authoraddress    = {武汉测绘科技大学},
    journal          = {海洋测绘},
    year             = {1994},
    number           = {03},
    pages            = {18-21},
    keywords         = {gps;基准站;伪卫星技术},
    abstract         = {差分GPS定位(DGPS)可显著提高GPS导航、定位的精度。但在卫星几何分布图形不良或个别方向卫星信号失锁的情况下,DGPS将失去其作用。若将发布差分改正信息的基准站看成伪GPS卫星(简称伪卫星),则可极大地改善差分定位的精度。本文结合国外的试验成果,将这一技术作一介绍,可对我国建立海上差分GPS观测模式时参考。},
    isbn/issn        = {1671-3044},
    notes            = {12-1343/p},
    databaseprovider = {cnki}
}
@misc{07,
    title = {Atmospheric satellite - Wikipedia},
    url   = {https://en.wikipedia.org/wiki/Atmospheric_satellite#Telecommunications}
}
@misc{09,
    title = {现在的北斗卫星是否能进行室内的精确定位？ - @曹立科 的回答 },
    url   = {https://www.zhihu.com/question/445081122/answer/1754215532}
}
@article{10,
    title            = {基于Kalman的室内伪卫星定位算法研究},
    author           = {沈运哲;王田虎;黄涛;王保强},
    authoraddress    = {江苏理工学院电气信息工程学院;中车南京浦镇车辆有限公司技术开发部},
    journal          = {激光杂志},
    year             = {2022},
    volume           = {43},
    number           = {10},
    pages            = {102-105},
    keywords         = {伪卫星;室内定位;卡尔曼滤波;残差;运动轨迹},
    abstract         = {针对普通抗差卡尔曼滤波算法在用于伪卫星室内定位时难以保证算法阈值最优性等问题，对基于抗差卡尔曼滤波的室内伪卫星定位算法进行了进一步研究，将遍历算法的思想与普通抗差卡尔曼率波模型相结合，提出了一种基于遍历抗差卡尔曼滤波的优化算法以用于提高伪卫星室内定位的精度。该算法可在给定范围内自主进行寻找比较，得到最适合该测量环境的算法阈值，从而确保算法模型中阈值的最优性，提高最终优化结果的精度。研究表明，相较于滤波前，x轴、y轴方向平均标准差数值分别降低了39.8%与40.2%,x-y平面平均标准差数值降低了39%,与普通卡尔曼模型的滤波性能进行比较，遍历抗差卡尔曼模型有着更好的优化效果。},
    isbn/issn        = {0253-2743},
    notes            = {50-1085/tn},
    url              = {https},
    doi              = {10.14016/j.cnki.jgzz.2022.10.102},
    databaseprovider = {cnki}
}
@article{11,
    title            = {一种基于TOA和RSS混合的室内定位算法},
    author           = {杨超超;陈建辉;刘德亮;方正},
    authoraddress    = {陆军工程大学石家庄校区导弹工程系;河北交通职业技术学院电气与信息工程系;},
    journal          = {激光杂志},
    year             = {2019},
    volume           = {40},
    number           = {10},
    pages            = {51-55},
    keywords         = {室内定位;toa(到达时间);rss(接收信号强度);混合定位;最小二乘法;克拉美罗下界},
    abstract         = {针对在室内复杂环境中采用单一参数比如信号到达时间(timeofarrival,toa)或接收信号强度(receivedsignalstrength,rss)等定位精度低的问题,提出一种toa/rss混合定位算法。toa定位精度高,但对信号带宽和信道条件比较敏感;而rss对可用带宽的敏感性较低,并且已包含室内环境信息,结合两种参数定位时的特点提出了toa/rss混合定位算法,通过约束条件和二步最小二乘法将定位区域进一步缩小,估计出移动终端的位置。仿真结果表明,在不提高算法复杂度的前提下,本文所提出的算法比单独使用toa或者rss定位具有更好的精度和鲁棒性。},
    isbn/issn        = {0253-2743},
    notes            = {50-1085/tn},
    doi              = {10.14016/j.cnki.jgzz.2019.10.051},
    databaseprovider = {cnki}
}
@article{12,
    title            = {基于无迹卡尔曼滤波的室内定位系统},
    author           = {王袁雪;张前波;周媛媛;刘英明;李冰},
    authoraddress    = {河北师范大学中燃工学院},
    journal          = {物联网技术},
    year             = {2022},
    volume           = {12},
    number           = {07},
    pages            = {18-19},
    keywords         = {室内定位;超宽带;无迹卡尔曼滤波;非视距;chan算法;二维地图},
    abstract         = {卡尔曼滤波抑制非视距(nlos)所产生的误差效果不明显；而使用扩展卡尔曼滤波解决非视距(nlos)时，需要解算复杂的雅可比矩阵，使计算量大为增加。文中首先对获取的tdoa数据进行无迹卡尔曼滤波并得到最优解；其次将滤波后的数据，通过chan算法进行位置解算。实验结果表明，文中所用无迹卡尔曼滤波算法对抑制误差产生了很好的效果，提高了定位精度，具有较大的实际应用价值。},
    isbn/issn        = {2095-1302},
    notes            = {61-1483/tp},
    doi              = {10.16667/j.issn.2095-1302.2022.07.005},
    databaseprovider = {cnki}
}
@article{13,
    author        = {杨宇飞;杨元喜;胡小工;唐成盼;赵立谦;徐君毅},
    journal       = {测绘学报},
    number        = {07},
    title         = {北斗三号卫星两种定轨模式精度比较分析},
    volume        = {48},
    year          = {2019},
    notes         = {11-2089/P},
    pages         = {831-839},
    isbn/issn     = {1001-1595},
    authoraddress = {信息工程大学;北京卫星导航中心;地理信息工程国家重点实验室;西安测绘研究所;中国科学院上海天文台}
}
@article{14,
    title            = {一种新的INS/GPS组合导航技术},
    author           = {杨艳娟;卞鸿巍;田蔚风;金志华},
    authoraddress    = {上海交通大学信息检测与仪器系,上海交通大学信息检测与仪器系,上海交通大学信息检测与仪器系,上海交通大学信息检测与仪器系上海200030},
    journal          = {中国惯性技术学报},
    year             = {2004},
    number           = {02},
    pages            = {24-27+36},
    keywords         = {组合导航;gps;ins;测姿},
    abstract         = {基于gps测姿技术的发展,研究了以位置、速度和姿态信息作为观测量的ins/gps组合导航系统的卡尔曼滤波算法。详细推导了这种组合方式的观测方程,并将该组合技术应用于某飞行器。仿真表明,增加姿态信息作为观测量可有效地提高系统导航参数的估计精度和速度。},
    isbn/issn        = {1005-6734},
    notes            = {12-1222/o3},
    databaseprovider = {cnki}
}
@article{15 ,
   title={城市场景智能手机gnss/mems融合车载高精度定位},
   author={张小红;陶贤露;王颖喆;刘万科;朱锋},
   authoraddress={武汉大学测绘学院;武汉大学中国南极测绘研究中心},
   journal={武汉大学学报(信息科学版)},
   year={2022},
   volume={47},
   number={10},
   pages={1740-1749},
   keywords={智能手机;组合导航;速度约束;实时动态差分;车辆导航},
   abstract={智能手机凭借其普遍性、便携性和低成本等优势，已成为大众用户导航与位置服务的主流终端载体，其多频多系统gnss(globalnavigationsatellitesystem)观测值的开放进一步激发了手机高精度定位的研究。然而，受限于消费级gnss器件性能，手机卫星观测值呈现出信号衰减严重、伪距噪声大、粗差周跳多等问题；并且受城市复杂环境影响，手机gnss定位的连续性、可靠性也难以保证。提出一种城市场景手机gnss/mems(micro-electromechanicalsystem)融合的车载高精度定位方案。首先，构建了速度约束的gnss差分定位模型；然后，通过手机内置mems与车辆运动约束，在挑战环境下进行gnss/mems融合精密定位。实验结果表明，在开阔和树荫场景下，速度约束方法可达到分米至米级定位精度，相比于常规方法分别提升了35.2%和78.9%；在高架场景下，gnss/mems融合定位的精度和连续性均提升显著；在隧道场景下，mems推算位置累积误差约为2.5%。实验结果初步表明，手机gnss具备开阔环境下的车道级定位能力，手机gnss/mems融合可提升城市复杂环境下车载定位的精度和连续可用性。},
   isbn/issn={1671-8860},
   notes={42-1676/tn},
   doi={10.13203/j.whugis20220611},
   databaseprovider={cnki},
}
@inproceedings{lemaster1998mars,
    title     = {Mars exploration using self-calibrating pseudolite arrays},
    author    = {LeMaster, Edward and Rock, Stephen},
    booktitle = {Proceedings of the 11th International Technical Meeting of the Satellite Division of The Institute of Navigation (ION GPS 1998)},
    pages     = {1967--1974},
    year      = {1998}
}